@article{Quat,
	author    = "Ken Shoemake",
	title     = "Animating Rotation with Quaternion Curves",
	journal   = "ACM SIGGRAPH Computer Graphics",
	volume   = "19",
	year      = "1985",
	month    = "November"
}
@article{QLERP,
	author    = "Ladislav Kavan and Jiří Žára",
	title     = "Spherical Blend Skinning: A Real-time Deformation of Articulated Methods",
	journal   = "I3D '05",
	year      = "2005 ",
	month    = "July"
}

@article{paper,
	author    = "Ben Jones, Nils Thuerey, Tamar Shinar, and Adam W. Bargteil ",
	title     = "Example-based Plastic Deformation of Rigid Bodies",
	journal   = "ACM Transactions on Graphics",
	volume    = "35",
	number    = "4",
	year      = "2016 ",
	month     = "July"
}